<record><leader>00000cas a22000007a 4500</leader><controlfield tag="001">16315620</controlfield><controlfield tag="008">870729d19231954pauwr ne      0    0hun d</controlfield><datafield ind1=" " ind2=" " tag="010"><subfield code="a">sn 87080521 </subfield></datafield><datafield ind1=" " ind2=" " tag="040"><subfield code="a">NPH</subfield><subfield code="b">eng</subfield><subfield code="c">NPH</subfield><subfield code="d">OCLCQ</subfield></datafield><datafield ind1="0" ind2=" " tag="041"><subfield code="a">hun</subfield><subfield code="a">eng</subfield></datafield><datafield ind1=" " ind2=" " tag="042"><subfield code="a">msc</subfield></datafield><datafield ind1="0" ind2="0" tag="245"><subfield code="a">Philadelphia-i fu&#776;ggetlense&#769;g =</subfield><subfield code="b">Independence.</subfield></datafield><datafield ind1="3" ind2="1" tag="246"><subfield code="a">Independence</subfield></datafield><datafield ind1="1" ind2="3" tag="246"><subfield code="a">Fu&#776;ggetlense&#769;g</subfield></datafield><datafield ind1="3" ind2="0" tag="246"><subfield code="a">Philadelphia independence,</subfield><subfield code="f">Jan. 6, 1933-Apr. 12, 1945</subfield></datafield><datafield ind1=" " ind2=" " tag="260"><subfield code="a">Philadelphia, Pa. :</subfield><subfield code="b">Aure&#769;l Acze&#769;l</subfield></datafield><datafield ind1=" " ind2=" " tag="300"><subfield code="a">volumes :</subfield><subfield code="b">illustrations (chiefly advertisements)</subfield></datafield><datafield ind1=" " ind2=" " tag="310"><subfield code="a">Weekly</subfield></datafield><datafield ind1=" " ind2=" " tag="336"><subfield code="a">text</subfield><subfield code="b">txt</subfield><subfield code="2">rdacontent</subfield></datafield><datafield ind1=" " ind2=" " tag="337"><subfield code="a">unmediated</subfield><subfield code="b">n</subfield><subfield code="2">rdamedia</subfield></datafield><datafield ind1=" " ind2=" " tag="338"><subfield code="a">volume</subfield><subfield code="b">nc</subfield><subfield code="2">rdacarrier</subfield></datafield><datafield ind1="1" ind2=" " tag="362"><subfield code="a">Began 1923?; ceased July 29, 1954?</subfield></datafield><datafield ind1=" " ind2=" " tag="500"><subfield code="a">Has separate English sections called: Philadelphia independence, Jan. 6, 1933-Apr. 12, 1945; Philadelphia-i fu&#776;ggetlense&#769;g-independence, Apr. 19, 1945-&lt;July 29, 1954&gt;.</subfield></datafield><datafield ind1="8" ind2=" " tag="521"><subfield code="a">"The only Hungarian newspaper in Philadelphia."</subfield></datafield><datafield ind1=" " ind2=" " tag="546"><subfield code="a">In Hungarian; later issues have some columns and advertisements in English.</subfield></datafield><datafield ind1=" " ind2=" " tag="588"><subfield code="a">Description based on: E&#769;vf. 5, sz. 14 (a&#769;pr. 6, 1928).</subfield></datafield><datafield ind1=" " ind2=" " tag="752"><subfield code="a">United States</subfield><subfield code="b">Pennsylvania</subfield><subfield code="c">Philadelphia</subfield><subfield code="d">Philadelphia.</subfield></datafield></record>